@BOOK{
  eng,
  AUTHOR = "Engelking, R.",
  TITLE = "Topologia Ogólna",
  ADDRESS = {Warszawa},
  YEAR = 1976
}
@BOOK{
  bp,
  AUTHOR = "Bessaga, Cz. and Pełczyński, A.",
  TITLE = "Selected Topics in infinite-dimensional topology",
  ADDRESS = {Warszawa},
  YEAR = 1975
}
@BOOK{
  kak,
  AUTHOR = "Kakutani, S.",
  TITLE = "Über die Metrisation der topologischen Gruppen",
  YEAR = 1936
} 
@BOOK{
  bir,
  AUTHOR = "Birkhoff, G.",
  TITLE = "A note on topological groups",
  YEAR = 1936
}
@BOOK{
  em,
  AUTHOR = "Eidelheit, M. and Mazur, S.",
  TITLE = "Eine Bemerkung über die Raüme von Typus (F)",
  YEAR = 1938
}
@BOOK{
  sch,
  AUTHOR = "Schori, R.",
  TITLE = "Topological stability for infinite-dimensional manifolds",
  YEAR = 1971
}
@BOOK{
  hen,
  AUTHOR = "Henderson, W.",
  TITLE = "Infinite-dimensional manifolds are open subsets of Hilbert space",
  YEAR = 1969
}
@BOOK{
  won,
  AUTHOR = "Wong, R.",
  TITLE = "On homeomorphisms of certain infinite dimensional space",
  YEAR = 1966
}